
@misc{crab,
	title = {The ‘{Telharmonium}’ or ‘{Dynamophone}’ {Thaddeus} {Cahill}, {USA} 1897},
	url = {https://120years.net/wordpress/the-telharmonium-thaddeus-cahill-usa-1897/},
	abstract = {In 1895 Thaddeus Cahill submitted his first patent for the Telharmonium “The Art of and Apparatus for Generating and Distributing Music Electrically”. The Telharmonium can be considered the first s…},
	language = {en-GB},
	urldate = {2022-04-05},
	journal = {120 Years of Electronic Music},
	author = {Crab, Simon},
	month = sep,
	year = {2013},
	file = {Snapshot:/Users/konstantinos/Zotero/storage/F45NUCRB/the-telharmonium-thaddeus-cahill-usa-1897.html:text/html},
}
